@book{sachin1,
	author = {Sachin Tendulkar and Boria Majumdar},
	title = {Sachin Tendulkar Playing It My Way},
	year = {2014},
	publisher = {Hodder \& Stoughton},
}

@book{latex,
	author = {Leslie Lamport},
	title = {Latex A Document Preparation System},
	year = {2014},
	publisher = {Pearson Education},
}

@misc{ sachinwiki,
	author = {{Wikipedia contributors}},
	title = "Sachin Tendulkar",
	year = "2019",
	howpublished = {\url{https://en.wikipedia.org/w/index.php?title=Sachin_Tendulkar&oldid=887884046}},
	note = "[Online; accessed 20-March-2019]"
}

